<?xml version="1.0" encoding="UTF-8"?>
<marc:collection xmlns:marc="http://www.loc.gov/MARC21/slim" xmlns:xsi="http://www.w3.org/2001/XMLSchema-instance" xsi:schemaLocation="http://www.loc.gov/MARC21/slim http://www.loc.gov/standards/marcxml/schema/MARC21slim.xsd">
   <marc:record type="Bibliographic">
      <marc:leader>00759cam a2200229 a 4500</marc:leader>
      <marc:controlfield tag="001">2935178</marc:controlfield>
      <marc:controlfield tag="003">NjP</marc:controlfield>
      <marc:controlfield tag="005">20100713105748.0</marc:controlfield>
      <marc:controlfield tag="008">950901s1928    iq            000 0 arard</marc:controlfield>
      <marc:datafield tag="024" ind1="7" ind2=" ">
         <marc:subfield code="a">princeton_aco000486</marc:subfield>
         <marc:subfield code="2">local</marc:subfield>
      </marc:datafield>
      <marc:datafield tag="035" ind1=" " ind2=" ">
         <marc:subfield code="a">(OCoLC)ocm33073525</marc:subfield>
      </marc:datafield>
      <marc:datafield tag="035" ind1=" " ind2=" ">
         <marc:subfield code="9">CPG4466TS</marc:subfield>
      </marc:datafield>
      <marc:datafield tag="040" ind1=" " ind2=" ">
         <marc:subfield code="a">CLE</marc:subfield>
         <marc:subfield code="c">CLE</marc:subfield>
         <marc:subfield code="d">PUL</marc:subfield>
      </marc:datafield>
      <marc:datafield tag="041" ind1="1" ind2=" ">
         <marc:subfield code="a">ara</marc:subfield>
         <marc:subfield code="h">per</marc:subfield>
      </marc:datafield>
      <marc:datafield tag="092" ind1=" " ind2=" ">
         <marc:subfield code="a">789.78K</marc:subfield>
         <marc:subfield code="b">S8j</marc:subfield>
      </marc:datafield>
      <marc:datafield tag="100" ind1="0" ind2=" ">
         <marc:subfield code="a">Omar Khayyam.</marc:subfield>
      </marc:datafield>
      <marc:datafield tag="240" ind1="1" ind2="0">
         <marc:subfield code="a">Rubāʻīyāt.</marc:subfield>
         <marc:subfield code="l">Arabic</marc:subfield>
      </marc:datafield>
      <marc:datafield tag="245" ind1="1" ind2="0">
         <marc:subfield code="a">Rubāʻīyat al-Khayyām /</marc:subfield>
         <marc:subfield code="c">tarjamahā ʻan al-Fārisīyah nathran wa-naẓman Jamīl Sidqī al-Zahāwī.</marc:subfield>
      </marc:datafield>
      <marc:datafield tag="260" ind1=" " ind2=" ">
         <marc:subfield code="a">Baghdād :</marc:subfield>
         <marc:subfield code="b">Maṭbaʻat al-Furāt,</marc:subfield>
         <marc:subfield code="c">1928.</marc:subfield>
      </marc:datafield>
      <marc:datafield tag="300" ind1=" " ind2=" ">
         <marc:subfield code="a">72 p. ;</marc:subfield>
         <marc:subfield code="c">25 cm.</marc:subfield>
      </marc:datafield>
      <marc:datafield tag="700" ind1="1" ind2=" ">
         <marc:subfield code="a">Zahāwī, Jamīl Ṣidqī.</marc:subfield>
      </marc:datafield>
      <marc:datafield tag="852" ind1="0" ind2=" ">
         <marc:subfield code="b">nec</marc:subfield>
         <marc:subfield code="h">PK6511.A73</marc:subfield>
         <marc:subfield code="i">Z343 1928</marc:subfield>
         <marc:subfield code="p">3249830</marc:subfield>
         <marc:subfield code="x">reclassed from: 2472.379.966</marc:subfield>
      </marc:datafield>
      <marc:datafield tag="945" ind1=" " ind2=" ">
         <marc:subfield code="a">SY</marc:subfield>
         <marc:subfield code="b">1</marc:subfield>
         <marc:subfield code="c">2472.379.966</marc:subfield>
      </marc:datafield>
      <marc:datafield tag="911" ind1=" " ind2=" ">
         <marc:subfield code="a">20000402</marc:subfield>
      </marc:datafield>
   </marc:record>
</marc:collection>
